[{"time": "2021-03-25T04:46:45.375Z", "trade_id": 26581209, "price": "52448.61000000", "size": "0.02940000", "side": "buy"}, {"time": "2021-03-25T04:46:42.686Z", "trade_id": 26581208, "price": "52448.63000000", "size": "0.00019037", "side": "sell"}, {"time": "2021-03-25T04:46:42.611Z", "trade_id": 26581207, "price": "52448.61000000", "size": "0.05080000", "side": "buy"}, {"time": "2021-03-25T04:46:42.34Z", "trade_id": 26581206, "price": "52448.61000000", "size": "0.57100000", "side": "buy"}, {"time": "2021-03-25T04:46:39.287Z", "trade_id": 26581205, "price": "52448.61000000", "size": "0.05000000", "side": "buy"}, {"time": "2021-03-25T04:46:38.742Z", "trade_id": 26581204, "price": "52448.61000000", "size": "0.01470000", "side": "buy"}, {"time": "2021-03-25T04:46:38.198Z", "trade_id": 26581203, "price": "52448.61000000", "size": "0.01470000", "side": "buy"}, {"time": "2021-03-25T04:46:37.693Z", "trade_id": 26581202, "price": "52448.61000000", "size": "0.00019066", "side": "buy"}, {"time": "2021-03-25T04:46:37.379Z", "trade_id": 26581201, "price": "52448.61000000", "size": "0.01800000", "side": "buy"}, {"time": "2021-03-25T04:46:36.515Z", "trade_id": 26581200, "price": "52448.61000000", "size": "0.04870000", "side": "buy"}, {"time": "2021-03-25T04:46:32.685Z", "trade_id": 26581199, "price": "52448.63000000", "size": "0.00019037", "side": "sell"}, {"time": "2021-03-25T04:46:31.255Z", "trade_id": 26581198, "price": "52448.61000000", "size": "0.00920000", "side": "buy"}, {"time": "2021-03-25T04:46:29.518Z", "trade_id": 26581197, "price": "52448.61000000", "size": "0.01470000", "side": "buy"}, {"time": "2021-03-25T04:46:27.691Z", "trade_id": 26581196, "price": "52448.61000000", "size": "0.00019066", "side": "buy"}, {"time": "2021-03-25T04:46:23.4Z", "trade_id": 26581195, "price": "52448.00000000", "size": "0.00100000", "side": "sell"}, {"time": "2021-03-25T04:46:23.4Z", "trade_id": 26581194, "price": "52446.00000000", "size": "0.00100000", "side": "sell"}, {"time": "2021-03-25T04:46:23.4Z", "trade_id": 26581193, "price": "52445.39000000", "size": "0.00530000", "side": "sell"}, {"time": "2021-03-25T04:46:23.4Z", "trade_id": 26581192, "price": "52444.98000000", "size": "0.38140000", "side": "sell"}, {"time": "2021-03-25T04:46:23.4Z", "trade_id": 26581191, "price": "52444.00000000", "size": "0.00100000", "side": "sell"}, {"time": "2021-03-25T04:46:23.4Z", "trade_id": 26581190, "price": "52442.00000000", "size": "0.00100000", "side": "sell"}, {"time": "2021-03-25T04:46:23.4Z", "trade_id": 26581189, "price": "52440.37000000", "size": "0.38140000", "side": "sell"}, {"time": "2021-03-25T04:46:23.4Z", "trade_id": 26581188, "price": "52440.00000000", "size": "0.00100000", "side": "sell"}, {"time": "2021-03-25T04:46:23.4Z", "trade_id": 26581187, "price": "52438.00000000", "size": "0.00100000", "side": "sell"}, {"time": "2021-03-25T04:46:23.4Z", "trade_id": 26581186, "price": "52436.00000000", "size": "0.00100000", "side": "sell"}, {"time": "2021-03-25T04:46:23.4Z", "trade_id": 26581185, "price": "52434.00000000", "size": "0.00100000", "side": "sell"}, {"time": "2021-03-25T04:46:23.4Z", "trade_id": 26581184, "price": "52432.00000000", "size": "0.00100000", "side": "sell"}, {"time": "2021-03-25T04:46:23.4Z", "trade_id": 26581183, "price": "52430.00000000", "size": "0.00100000", "side": "sell"}, {"time": "2021-03-25T04:46:23.4Z", "trade_id": 26581182, "price": "52428.00000000", "size": "0.00100000", "side": "sell"}, {"time": "2021-03-25T04:46:23.4Z", "trade_id": 26581181, "price": "52426.00000000", "size": "0.00100000", "side": "sell"}, {"time": "2021-03-25T04:46:23.4Z", "trade_id": 26581180, "price": "52424.29000000", "size": "0.00960000", "side": "sell"}, {"time": "2021-03-25T04:46:23.4Z", "trade_id": 26581179, "price": "52424.00000000", "size": "0.00100000", "side": "sell"}, {"time": "2021-03-25T04:46:23.4Z", "trade_id": 26581178, "price": "52422.00000000", "size": "0.00100000", "side": "sell"}, {"time": "2021-03-25T04:46:23.4Z", "trade_id": 26581177, "price": "52420.00000000", "size": "0.00100000", "side": "sell"}, {"time": "2021-03-25T04:46:23.4Z", "trade_id": 26581176, "price": "52418.00000000", "size": "0.00100000", "side": "sell"}, {"time": "2021-03-25T04:46:23.4Z", "trade_id": 26581175, "price": "52416.00000000", "size": "0.00100000", "side": "sell"}, {"time": "2021-03-25T04:46:23.4Z", "trade_id": 26581174, "price": "52414.00000000", "size": "0.00100000", "side": "sell"}, {"time": "2021-03-25T04:46:23.4Z", "trade_id": 26581173, "price": "52412.00000000", "size": "0.00100000", "side": "sell"}, {"time": "2021-03-25T04:46:23.4Z", "trade_id": 26581172, "price": "52410.17000000", "size": "0.42870000", "side": "sell"}, {"time": "2021-03-25T04:46:23.4Z", "trade_id": 26581171, "price": "52410.00000000", "size": "0.00100000", "side": "sell"}, {"time": "2021-03-25T04:46:23.4Z", "trade_id": 26581170, "price": "52408.00000000", "size": "0.00100000", "side": "sell"}, {"time": "2021-03-25T04:46:23.4Z", "trade_id": 26581169, "price": "52406.00000000", "size": "0.00100000", "side": "sell"}, {"time": "2021-03-25T04:46:23.4Z", "trade_id": 26581168, "price": "52404.00000000", "size": "0.00100000", "side": "sell"}, {"time": "2021-03-25T04:46:23.4Z", "trade_id": 26581167, "price": "52402.00000000", "size": "0.00100000", "side": "sell"}, {"time": "2021-03-25T04:46:23.4Z", "trade_id": 26581166, "price": "52400.00000000", "size": "0.00100000", "side": "sell"}, {"time": "2021-03-25T04:46:23.4Z", "trade_id": 26581165, "price": "52398.00000000", "size": "0.00100000", "side": "sell"}, {"time": "2021-03-25T04:46:22.687Z", "trade_id": 26581164, "price": "52397.69000000", "size": "0.00019056", "side": "sell"}, {"time": "2021-03-25T04:46:22.297Z", "trade_id": 26581163, "price": "52397.69000000", "size": "0.04000000", "side": "sell"}, {"time": "2021-03-25T04:46:22.029Z", "trade_id": 26581162, "price": "52397.69000000", "size": "0.08960000", "side": "sell"}, {"time": "2021-03-25T04:46:21.227Z", "trade_id": 26581161, "price": "52397.69000000", "size": "0.01470000", "side": "sell"}, {"time": "2021-03-25T04:46:17.316Z", "trade_id": 26581160, "price": "52397.67000000", "size": "0.00019084", "side": "buy"}, {"time": "2021-03-25T04:46:16.595Z", "trade_id": 26581159, "price": "52397.69000000", "size": "0.02190000", "side": "sell"}, {"time": "2021-03-25T04:46:16.034Z", "trade_id": 26581158, "price": "52397.69000000", "size": "0.57220000", "side": "sell"}, {"time": "2021-03-25T04:46:14.342Z", "trade_id": 26581157, "price": "52397.69000000", "size": "1.91568112", "side": "sell"}, {"time": "2021-03-25T04:46:14.342Z", "trade_id": 26581156, "price": "52397.68000000", "size": "1.19701888", "side": "sell"}, {"time": "2021-03-25T04:46:12.285Z", "trade_id": 26581155, "price": "52397.68000000", "size": "0.00019056", "side": "sell"}, {"time": "2021-03-25T04:46:11.38Z", "trade_id": 26581154, "price": "52397.68000000", "size": "0.04200000", "side": "sell"}, {"time": "2021-03-25T04:46:07.532Z", "trade_id": 26581153, "price": "52397.68000000", "size": "0.00250000", "side": "sell"}, {"time": "2021-03-25T04:46:07.286Z", "trade_id": 26581152, "price": "52397.67000000", "size": "0.00019084", "side": "buy"}, {"time": "2021-03-25T04:46:03.091Z", "trade_id": 26581151, "price": "52397.68000000", "size": "0.01750000", "side": "sell"}, {"time": "2021-03-25T04:46:02.291Z", "trade_id": 26581150, "price": "52397.68000000", "size": "0.00019056", "side": "sell"}, {"time": "2021-03-25T04:46:01.662Z", "trade_id": 26581149, "price": "52397.68000000", "size": "0.04000000", "side": "sell"}, {"time": "2021-03-25T04:46:01.114Z", "trade_id": 26581148, "price": "52397.68000000", "size": "0.01460000", "side": "sell"}, {"time": "2021-03-25T04:45:57.301Z", "trade_id": 26581147, "price": "52397.67000000", "size": "0.00019084", "side": "buy"}, {"time": "2021-03-25T04:45:54.982Z", "trade_id": 26581146, "price": "52397.68000000", "size": "1.00000000", "side": "sell"}, {"time": "2021-03-25T04:45:52.606Z", "trade_id": 26581145, "price": "52396.00000000", "size": "0.00100000", "side": "sell"}, {"time": "2021-03-25T04:45:52.606Z", "trade_id": 26581144, "price": "52395.30000000", "size": "0.06020000", "side": "sell"}, {"time": "2021-03-25T04:45:52.606Z", "trade_id": 26581143, "price": "52394.00000000", "size": "0.00100000", "side": "sell"}, {"time": "2021-03-25T04:45:52.606Z", "trade_id": 26581142, "price": "52392.00000000", "size": "0.00100000", "side": "sell"}, {"time": "2021-03-25T04:45:52.606Z", "trade_id": 26581141, "price": "52390.00000000", "size": "0.00100000", "side": "sell"}, {"time": "2021-03-25T04:45:52.606Z", "trade_id": 26581140, "price": "52388.00000000", "size": "0.00100000", "side": "sell"}, {"time": "2021-03-25T04:45:52.606Z", "trade_id": 26581139, "price": "52386.00000000", "size": "0.00100000", "side": "sell"}, {"time": "2021-03-25T04:45:52.606Z", "trade_id": 26581138, "price": "52384.00000000", "size": "0.00100000", "side": "sell"}, {"time": "2021-03-25T04:45:52.606Z", "trade_id": 26581137, "price": "52382.00000000", "size": "0.00100000", "side": "sell"}, {"time": "2021-03-25T04:45:52.307Z", "trade_id": 26581136, "price": "52368.27000000", "size": "0.00019066", "side": "sell"}, {"time": "2021-03-25T04:45:51.244Z", "trade_id": 26581135, "price": "52368.27000000", "size": "0.05750000", "side": "sell"}, {"time": "2021-03-25T04:45:50.13Z", "trade_id": 26581134, "price": "52368.27000000", "size": "1.00100000", "side": "sell"}, {"time": "2021-03-25T04:45:49.543Z", "trade_id": 26581133, "price": "52368.27000000", "size": "0.05000000", "side": "sell"}, {"time": "2021-03-25T04:45:48.372Z", "trade_id": 26581132, "price": "52368.27000000", "size": "0.01470000", "side": "sell"}, {"time": "2021-03-25T04:45:47.473Z", "trade_id": 26581131, "price": "52368.25000000", "size": "0.00019095", "side": "buy"}, {"time": "2021-03-25T04:45:47.212Z", "trade_id": 26581130, "price": "52368.27000000", "size": "0.01470000", "side": "sell"}, {"time": "2021-03-25T04:45:44.184Z", "trade_id": 26581129, "price": "52368.27000000", "size": "0.04690000", "side": "sell"}, {"time": "2021-03-25T04:45:43.539Z", "trade_id": 26581128, "price": "52368.27000000", "size": "0.00860000", "side": "sell"}, {"time": "2021-03-25T04:45:42.495Z", "trade_id": 26581127, "price": "52368.27000000", "size": "0.00019066", "side": "sell"}, {"time": "2021-03-25T04:45:41.367Z", "trade_id": 26581126, "price": "52368.27000000", "size": "0.01470000", "side": "sell"}, {"time": "2021-03-25T04:45:40.538Z", "trade_id": 26581125, "price": "52368.27000000", "size": "0.01470000", "side": "sell"}, {"time": "2021-03-25T04:45:39.183Z", "trade_id": 26581124, "price": "52368.27000000", "size": "0.04980000", "side": "sell"}, {"time": "2021-03-25T04:45:38.55Z", "trade_id": 26581123, "price": "52368.27000000", "size": "0.04980000", "side": "sell"}, {"time": "2021-03-25T04:45:37.485Z", "trade_id": 26581122, "price": "52368.25000000", "size": "0.00019095", "side": "buy"}, {"time": "2021-03-25T04:45:33.567Z", "trade_id": 26581121, "price": "52368.27000000", "size": "0.07820000", "side": "sell"}, {"time": "2021-03-25T04:45:33.358Z", "trade_id": 26581120, "price": "52368.27000000", "size": "0.01750000", "side": "sell"}, {"time": "2021-03-25T04:45:32.487Z", "trade_id": 26581119, "price": "52368.27000000", "size": "0.00019066", "side": "sell"}, {"time": "2021-03-25T04:45:31.899Z", "trade_id": 26581118, "price": "52368.27000000", "size": "0.60000000", "side": "sell"}, {"time": "2021-03-25T04:45:31.632Z", "trade_id": 26581117, "price": "52368.27000000", "size": "0.08000000", "side": "sell"}, {"time": "2021-03-25T04:45:28.875Z", "trade_id": 26581116, "price": "52368.27000000", "size": "1.00000000", "side": "sell"}, {"time": "2021-03-25T04:45:28.607Z", "trade_id": 26581115, "price": "52368.27000000", "size": "0.04000000", "side": "sell"}, {"time": "2021-03-25T04:45:27.498Z", "trade_id": 26581114, "price": "52368.25000000", "size": "0.00019095", "side": "buy"}, {"time": "2021-03-25T04:45:27.494Z", "trade_id": 26581113, "price": "52368.27000000", "size": "1.05750000", "side": "sell"}, {"time": "2021-03-25T04:45:26.971Z", "trade_id": 26581112, "price": "52368.27000000", "size": "0.01470000", "side": "sell"}, {"time": "2021-03-25T04:45:26.647Z", "trade_id": 26581111, "price": "52368.27000000", "size": "0.08770000", "side": "sell"}, {"time": "2021-03-25T04:45:26.647Z", "trade_id": 26581110, "price": "52368.26000000", "size": "1.28650000", "side": "sell"}]