[{"time": "2021-03-24T09:38:54.186Z", "trade_id": 24368, "price": "56416.00999900", "size": "1.00000000", "side": "buy"}, {"time": "2021-03-24T09:37:19.033Z", "trade_id": 24367, "price": "56474.57999900", "size": "1.00000000", "side": "buy"}, {"time": "2021-03-24T09:37:18.99Z", "trade_id": 24366, "price": "56474.57999900", "size": "1.00000000", "side": "buy"}, {"time": "2021-03-24T09:35:54.982Z", "trade_id": 24365, "price": "56503.16999900", "size": "10.00000000", "side": "buy"}, {"time": "2021-03-24T09:02:25.086Z", "trade_id": 24364, "price": "56472.02000100", "size": "0.09000000", "side": "sell"}, {"time": "2021-03-24T09:02:17.282Z", "trade_id": 24363, "price": "56472.01999900", "size": "1000.00000000", "side": "buy"}, {"time": "2021-03-24T09:02:11.159Z", "trade_id": 24362, "price": "56438.48999900", "size": "10.00000000", "side": "buy"}, {"time": "2021-03-24T08:27:56.668Z", "trade_id": 24361, "price": "56149.50999900", "size": "10.00000000", "side": "buy"}, {"time": "2021-03-24T08:27:56.632Z", "trade_id": 24360, "price": "56149.50999900", "size": "10.00000000", "side": "buy"}, {"time": "2021-03-24T08:26:44.562Z", "trade_id": 24359, "price": "56117.90999900", "size": "10.00000000", "side": "buy"}, {"time": "2021-03-21T11:37:03.353Z", "trade_id": 24358, "price": "56273.23000100", "size": "0.53000000", "side": "sell"}, {"time": "2021-03-18T16:24:34.732Z", "trade_id": 24357, "price": "59795.26999900", "size": "100.00000000", "side": "buy"}, {"time": "2021-03-18T10:38:45.715Z", "trade_id": 24356, "price": "58451.03000100", "size": "0.01000000", "side": "sell"}, {"time": "2021-03-16T14:22:43.304Z", "trade_id": 24355, "price": "55354.86000100", "size": "0.21000000", "side": "sell"}, {"time": "2021-03-15T06:08:32.68Z", "trade_id": 24354, "price": "59324.41000100", "size": "1.40000000", "side": "sell"}, {"time": "2021-03-15T06:01:17.626Z", "trade_id": 24353, "price": "59026.44000100", "size": "1.40000000", "side": "sell"}, {"time": "2021-03-15T06:00:25.09Z", "trade_id": 24352, "price": "59034.95000100", "size": "0.14000000", "side": "sell"}, {"time": "2021-03-15T05:53:05.244Z", "trade_id": 24351, "price": "59360.74999900", "size": "1.00000000", "side": "buy"}, {"time": "2021-03-15T05:52:42.959Z", "trade_id": 24350, "price": "59359.35000100", "size": "0.14000000", "side": "sell"}, {"time": "2021-03-12T13:16:23.239Z", "trade_id": 24349, "price": "55736.42000100", "size": "1.49000000", "side": "sell"}, {"time": "2021-03-12T13:15:27.535Z", "trade_id": 24348, "price": "55541.43999900", "size": "100000.00000000", "side": "buy"}, {"time": "2021-03-12T12:39:56.375Z", "trade_id": 24347, "price": "56293.79999900", "size": "47553.00000000", "side": "buy"}, {"time": "2021-03-12T12:39:29.532Z", "trade_id": 24346, "price": "56287.12000100", "size": "0.31000000", "side": "sell"}, {"time": "2021-03-12T07:38:56.419Z", "trade_id": 24345, "price": "56652.35000100", "size": "0.24000000", "side": "sell"}, {"time": "2021-03-11T18:15:10.499Z", "trade_id": 24344, "price": "56617.14000100", "size": "0.01000000", "side": "sell"}, {"time": "2021-03-11T14:35:14.545Z", "trade_id": 24343, "price": "56934.53000100", "size": "1.70000000", "side": "sell"}, {"time": "2021-03-11T14:20:10.794Z", "trade_id": 24342, "price": "57043.92000100", "size": "0.24000000", "side": "sell"}, {"time": "2021-03-11T14:09:38.952Z", "trade_id": 24341, "price": "57139.49000100", "size": "0.24000000", "side": "sell"}, {"time": "2021-03-11T14:09:08.605Z", "trade_id": 24340, "price": "57172.39000100", "size": "0.24000000", "side": "sell"}, {"time": "2021-03-11T14:08:44.452Z", "trade_id": 24339, "price": "57105.77999900", "size": "480.00000000", "side": "buy"}, {"time": "2021-03-11T13:56:53.822Z", "trade_id": 24338, "price": "56841.29999900", "size": "485.00000000", "side": "buy"}, {"time": "2021-03-11T13:56:37.369Z", "trade_id": 24337, "price": "56841.29999900", "size": "490.00000000", "side": "buy"}, {"time": "2021-03-11T13:02:40.435Z", "trade_id": 24336, "price": "56549.92999900", "size": "495.00000000", "side": "buy"}, {"time": "2021-03-11T13:01:05.563Z", "trade_id": 24335, "price": "56329.85999900", "size": "500.00000000", "side": "buy"}, {"time": "2021-03-11T10:36:26.394Z", "trade_id": 24334, "price": "54979.87000100", "size": "0.06000000", "side": "sell"}, {"time": "2021-03-11T10:34:45.704Z", "trade_id": 24333, "price": "55037.31000100", "size": "0.07000000", "side": "sell"}, {"time": "2021-03-09T16:45:05.491Z", "trade_id": 24332, "price": "54247.49000100", "size": "0.01000000", "side": "sell"}, {"time": "2021-03-09T14:00:05.455Z", "trade_id": 24331, "price": "54801.46000100", "size": "0.01000000", "side": "sell"}, {"time": "2021-03-03T22:14:08.684Z", "trade_id": 24330, "price": "51340.99000100", "size": "0.01000000", "side": "sell"}, {"time": "2021-03-03T21:47:58.967Z", "trade_id": 24329, "price": "50990.55000100", "size": "10.00000000", "side": "sell"}, {"time": "2021-03-03T21:46:26.902Z", "trade_id": 24328, "price": "51012.25000400", "size": "10.00000000", "side": "sell"}, {"time": "2021-03-03T20:38:54.111Z", "trade_id": 24327, "price": "51004.21999900", "size": "20.00000000", "side": "buy"}, {"time": "2021-03-03T20:28:23.551Z", "trade_id": 24326, "price": "50921.67999600", "size": "10.00000000", "side": "buy"}, {"time": "2021-03-03T20:23:24.946Z", "trade_id": 24325, "price": "51061.03000000", "size": "10.00000000", "side": "buy"}, {"time": "2021-03-03T20:04:24.522Z", "trade_id": 24324, "price": "50983.16999900", "size": "20.00000000", "side": "buy"}, {"time": "2021-03-03T20:03:55.241Z", "trade_id": 24323, "price": "50951.14700000", "size": "10.00000000", "side": "buy"}, {"time": "2021-03-03T20:03:25.751Z", "trade_id": 24322, "price": "50948.85000400", "size": "10.00000000", "side": "sell"}, {"time": "2021-03-03T20:00:54.621Z", "trade_id": 24321, "price": "50788.03999600", "size": "10.00000000", "side": "buy"}, {"time": "2021-03-03T19:06:54.295Z", "trade_id": 24320, "price": "51136.45999600", "size": "10.00000000", "side": "buy"}, {"time": "2021-03-03T18:41:54.145Z", "trade_id": 24319, "price": "51412.52000100", "size": "10.00000000", "side": "sell"}, {"time": "2021-03-03T18:41:24.738Z", "trade_id": 24318, "price": "51449.32541800", "size": "10.00000000", "side": "sell"}, {"time": "2021-03-03T18:13:24.623Z", "trade_id": 24317, "price": "51502.62000100", "size": "10.00000000", "side": "sell"}, {"time": "2021-03-03T18:10:54.031Z", "trade_id": 24316, "price": "51520.32999600", "size": "10.00000000", "side": "buy"}, {"time": "2021-03-03T18:09:25.004Z", "trade_id": 24315, "price": "51606.43000300", "size": "10.00000000", "side": "sell"}, {"time": "2021-03-03T18:04:24.126Z", "trade_id": 24314, "price": "51424.38000000", "size": "10.00000000", "side": "sell"}, {"time": "2021-03-03T17:55:55.126Z", "trade_id": 24313, "price": "51329.83000100", "size": "20.00000000", "side": "sell"}, {"time": "2021-03-03T17:50:24.71Z", "trade_id": 24312, "price": "51356.57000400", "size": "10.00000000", "side": "sell"}, {"time": "2021-03-03T17:49:55.054Z", "trade_id": 24311, "price": "51333.10000400", "size": "10.00000000", "side": "sell"}, {"time": "2021-03-03T16:37:23.525Z", "trade_id": 24310, "price": "51090.47000100", "size": "30.00000000", "side": "sell"}, {"time": "2021-03-03T16:26:55.05Z", "trade_id": 24309, "price": "51427.00000400", "size": "10.00000000", "side": "sell"}, {"time": "2021-03-03T16:21:53.64Z", "trade_id": 24308, "price": "51090.12000400", "size": "10.00000000", "side": "sell"}, {"time": "2021-03-03T15:59:53.832Z", "trade_id": 24307, "price": "50786.24000400", "size": "10.00000000", "side": "sell"}, {"time": "2021-03-03T15:55:54.482Z", "trade_id": 24306, "price": "50677.35000100", "size": "10.00000000", "side": "sell"}, {"time": "2021-03-03T15:54:24.925Z", "trade_id": 24305, "price": "50696.34999900", "size": "10.00000000", "side": "buy"}, {"time": "2021-03-03T15:54:24.633Z", "trade_id": 24304, "price": "50694.15000400", "size": "10.00000000", "side": "sell"}, {"time": "2021-03-03T15:51:55.056Z", "trade_id": 24303, "price": "50685.68600000", "size": "10.00000000", "side": "buy"}, {"time": "2021-03-03T15:51:24.825Z", "trade_id": 24302, "price": "50688.21999900", "size": "10.00000000", "side": "buy"}, {"time": "2021-03-03T15:44:23.495Z", "trade_id": 24301, "price": "50677.48999600", "size": "10.00000000", "side": "buy"}, {"time": "2021-03-03T15:27:24.919Z", "trade_id": 24300, "price": "50899.37999900", "size": "10.00000000", "side": "buy"}, {"time": "2021-03-03T15:10:24.067Z", "trade_id": 24299, "price": "50884.40600000", "size": "10.00000000", "side": "buy"}, {"time": "2021-03-03T14:55:24.1Z", "trade_id": 24298, "price": "50800.01000100", "size": "10.00000000", "side": "sell"}, {"time": "2021-03-03T14:54:23.463Z", "trade_id": 24297, "price": "50822.19000400", "size": "10.00000000", "side": "sell"}, {"time": "2021-03-03T14:53:55.02Z", "trade_id": 24296, "price": "50811.36600000", "size": "10.00000000", "side": "sell"}, {"time": "2021-03-03T14:51:24.059Z", "trade_id": 24295, "price": "50833.33500000", "size": "10.00000000", "side": "buy"}, {"time": "2021-03-03T14:46:23.079Z", "trade_id": 24294, "price": "50693.69000100", "size": "10.00000000", "side": "sell"}, {"time": "2021-03-03T14:45:24.07Z", "trade_id": 24293, "price": "50704.47494100", "size": "10.00000000", "side": "sell"}, {"time": "2021-03-03T14:44:54.782Z", "trade_id": 24292, "price": "50701.93999900", "size": "10.00000000", "side": "buy"}, {"time": "2021-03-03T14:44:22.862Z", "trade_id": 24291, "price": "50665.43999600", "size": "10.00000000", "side": "buy"}, {"time": "2021-03-03T13:34:54.623Z", "trade_id": 24290, "price": "51700.00000100", "size": "10.00000000", "side": "sell"}, {"time": "2021-03-03T13:33:54.277Z", "trade_id": 24289, "price": "51901.07000000", "size": "10.00000000", "side": "sell"}, {"time": "2021-03-03T13:22:55.782Z", "trade_id": 24288, "price": "51778.15999900", "size": "10.00000000", "side": "buy"}, {"time": "2021-03-03T13:21:55.178Z", "trade_id": 24287, "price": "51707.47999700", "size": "10.00000000", "side": "buy"}, {"time": "2021-03-03T13:12:55.247Z", "trade_id": 24286, "price": "51994.27000100", "size": "50.00000000", "side": "sell"}, {"time": "2021-03-03T12:42:53.612Z", "trade_id": 24285, "price": "52247.39000000", "size": "1.00000000", "side": "sell"}, {"time": "2021-03-03T12:42:53.612Z", "trade_id": 24284, "price": "52215.06000400", "size": "10.00000000", "side": "sell"}, {"time": "2021-03-03T12:41:53.629Z", "trade_id": 24283, "price": "52134.58000400", "size": "10.00000000", "side": "sell"}, {"time": "2021-03-03T12:40:23.816Z", "trade_id": 24282, "price": "52030.00000400", "size": "10.00000000", "side": "sell"}, {"time": "2021-03-03T12:38:54.214Z", "trade_id": 24281, "price": "51990.48652900", "size": "10.00000000", "side": "sell"}, {"time": "2021-03-03T12:37:55.015Z", "trade_id": 24280, "price": "51989.90000400", "size": "10.00000000", "side": "sell"}, {"time": "2021-03-03T12:25:23.225Z", "trade_id": 24279, "price": "51736.66999900", "size": "10.00000000", "side": "buy"}, {"time": "2021-03-03T12:00:24.755Z", "trade_id": 24278, "price": "51664.52000000", "size": "10.00000000", "side": "buy"}, {"time": "2021-03-03T11:58:54.943Z", "trade_id": 24277, "price": "51645.18999900", "size": "10.00000000", "side": "buy"}, {"time": "2021-03-03T11:54:25.13Z", "trade_id": 24276, "price": "51542.90999600", "size": "10.00000000", "side": "buy"}, {"time": "2021-03-03T11:27:23.609Z", "trade_id": 24275, "price": "51660.50000100", "size": "10.00000000", "side": "sell"}, {"time": "2021-03-03T11:25:54.258Z", "trade_id": 24274, "price": "51677.42622600", "size": "10.00000000", "side": "sell"}, {"time": "2021-03-03T11:12:23.554Z", "trade_id": 24273, "price": "51674.41000100", "size": "20.00000000", "side": "sell"}, {"time": "2021-03-03T11:11:54.571Z", "trade_id": 24272, "price": "51703.54000400", "size": "10.00000000", "side": "sell"}, {"time": "2021-03-03T11:11:23.811Z", "trade_id": 24271, "price": "51693.17000400", "size": "10.00000000", "side": "sell"}, {"time": "2021-03-03T11:08:24.103Z", "trade_id": 24270, "price": "51542.58000100", "size": "10.00000000", "side": "sell"}, {"time": "2021-03-03T11:07:23.753Z", "trade_id": 24269, "price": "51647.95000300", "size": "10.00000000", "side": "sell"}]