[{"time": "2021-03-23T23:12:14.409Z", "trade_id": 994558, "price": "2.40000000", "size": "59207.32007700", "side": "buy"}, {"time": "2021-03-23T23:12:14.014Z", "trade_id": 994557, "price": "2.85000000", "size": "0.35035100", "side": "sell"}, {"time": "2021-03-23T23:12:09.794Z", "trade_id": 994556, "price": "2.40000000", "size": "0.41666600", "side": "buy"}, {"time": "2021-03-23T23:12:04.796Z", "trade_id": 994555, "price": "2.85000000", "size": "0.35035100", "side": "sell"}, {"time": "2021-03-23T23:11:59.806Z", "trade_id": 994554, "price": "2.40000000", "size": "0.41666600", "side": "buy"}, {"time": "2021-03-23T23:11:54.834Z", "trade_id": 994553, "price": "2.85000000", "size": "0.35035100", "side": "sell"}, {"time": "2021-03-23T23:11:49.812Z", "trade_id": 994552, "price": "2.40000000", "size": "0.41666600", "side": "buy"}, {"time": "2021-03-23T23:11:46.226Z", "trade_id": 994551, "price": "2.40000000", "size": "143136.00000000", "side": "buy"}, {"time": "2021-03-23T23:11:46.186Z", "trade_id": 994550, "price": "2.40000000", "size": "90209.24999800", "side": "buy"}, {"time": "2021-03-23T23:11:46.186Z", "trade_id": 994549, "price": "2.40000000", "size": "98.75000200", "side": "buy"}, {"time": "2021-03-23T23:11:44.803Z", "trade_id": 994548, "price": "2.85000000", "size": "0.35035100", "side": "sell"}, {"time": "2021-03-23T23:11:39.599Z", "trade_id": 994547, "price": "2.40000000", "size": "0.41666600", "side": "buy"}, {"time": "2021-03-23T23:11:34.631Z", "trade_id": 994546, "price": "2.85000000", "size": "0.35035100", "side": "sell"}, {"time": "2021-03-23T23:11:29.615Z", "trade_id": 994545, "price": "2.40000000", "size": "0.41666600", "side": "buy"}, {"time": "2021-03-23T23:11:24.6Z", "trade_id": 994544, "price": "2.85000000", "size": "0.35035100", "side": "sell"}, {"time": "2021-03-23T23:11:19.627Z", "trade_id": 994543, "price": "2.40000000", "size": "0.41666600", "side": "buy"}, {"time": "2021-03-23T23:11:15.558Z", "trade_id": 994542, "price": "2.94000000", "size": "19.31972800", "side": "buy"}, {"time": "2021-03-23T23:11:14.605Z", "trade_id": 994541, "price": "3.50000000", "size": "0.28528600", "side": "sell"}, {"time": "2021-03-23T23:11:09.598Z", "trade_id": 994540, "price": "2.94000000", "size": "0.34013600", "side": "buy"}, {"time": "2021-03-23T23:11:04.603Z", "trade_id": 994539, "price": "3.50000000", "size": "0.28528600", "side": "sell"}, {"time": "2021-03-23T23:10:59.602Z", "trade_id": 994538, "price": "2.94000000", "size": "0.34013600", "side": "buy"}, {"time": "2021-03-23T23:03:13.986Z", "trade_id": 994537, "price": "2.94000000", "size": "19.65986400", "side": "buy"}, {"time": "2021-03-23T23:03:13.835Z", "trade_id": 994536, "price": "3.50000000", "size": "0.28528600", "side": "sell"}, {"time": "2021-03-23T23:03:09.007Z", "trade_id": 994535, "price": "2.94000000", "size": "0.34013600", "side": "buy"}, {"time": "2021-03-23T23:03:04.004Z", "trade_id": 994534, "price": "3.50000000", "size": "0.28528600", "side": "sell"}, {"time": "2021-03-23T22:56:15.791Z", "trade_id": 994533, "price": "2.94000000", "size": "20.00000000", "side": "buy"}, {"time": "2021-03-23T22:56:14.61Z", "trade_id": 994532, "price": "3.50000000", "size": "0.28528600", "side": "sell"}, {"time": "2021-03-23T20:04:40.886Z", "trade_id": 994531, "price": "2.94000000", "size": "99.31972800", "side": "buy"}, {"time": "2021-03-23T20:04:40.718Z", "trade_id": 994530, "price": "3.50000000", "size": "0.28528600", "side": "sell"}, {"time": "2021-03-23T20:04:35.886Z", "trade_id": 994529, "price": "2.94000000", "size": "0.34013600", "side": "buy"}, {"time": "2021-03-23T20:04:30.894Z", "trade_id": 994528, "price": "3.50000000", "size": "0.28528600", "side": "sell"}, {"time": "2021-03-23T20:04:25.878Z", "trade_id": 994527, "price": "2.94000000", "size": "0.34013600", "side": "buy"}, {"time": "2021-03-23T20:04:20.887Z", "trade_id": 994526, "price": "3.50000000", "size": "0.28528600", "side": "sell"}, {"time": "2021-03-23T20:03:43.087Z", "trade_id": 994525, "price": "2.94000000", "size": "99.31972800", "side": "buy"}, {"time": "2021-03-23T20:03:41.691Z", "trade_id": 994524, "price": "3.50000000", "size": "0.28528600", "side": "sell"}, {"time": "2021-03-23T20:03:35.691Z", "trade_id": 994523, "price": "2.94000000", "size": "0.34013600", "side": "buy"}, {"time": "2021-03-23T20:03:30.702Z", "trade_id": 994522, "price": "3.50000000", "size": "0.28528600", "side": "sell"}, {"time": "2021-03-23T20:03:25.674Z", "trade_id": 994521, "price": "2.94000000", "size": "0.34013600", "side": "buy"}, {"time": "2021-03-23T19:45:13.066Z", "trade_id": 994520, "price": "2.94000000", "size": "250.00000000", "side": "buy"}, {"time": "2021-03-23T19:45:13.066Z", "trade_id": 994519, "price": "2.94000000", "size": "249.31972800", "side": "buy"}, {"time": "2021-03-23T19:45:11.674Z", "trade_id": 994518, "price": "3.50000000", "size": "0.28528600", "side": "sell"}, {"time": "2021-03-23T19:45:06.114Z", "trade_id": 994517, "price": "2.94000000", "size": "0.34013600", "side": "buy"}, {"time": "2021-03-23T19:45:01.106Z", "trade_id": 994516, "price": "3.50000000", "size": "0.28528600", "side": "sell"}, {"time": "2021-03-23T19:44:56.083Z", "trade_id": 994515, "price": "2.94000000", "size": "0.34013600", "side": "buy"}, {"time": "2021-03-23T19:42:11.286Z", "trade_id": 994514, "price": "2.94000000", "size": "250.00000000", "side": "buy"}, {"time": "2021-03-23T19:42:10.878Z", "trade_id": 994513, "price": "3.50000000", "size": "0.28528600", "side": "sell"}, {"time": "2021-03-23T19:41:06.106Z", "trade_id": 994512, "price": "2.94000000", "size": "0.34013600", "side": "buy"}, {"time": "2021-03-23T19:37:41.658Z", "trade_id": 994511, "price": "2.94000000", "size": "249.65986400", "side": "buy"}, {"time": "2021-03-23T19:37:41.087Z", "trade_id": 994510, "price": "3.50000000", "size": "0.28528600", "side": "sell"}, {"time": "2021-03-23T19:37:36.474Z", "trade_id": 994509, "price": "2.94000000", "size": "0.34013600", "side": "buy"}, {"time": "2021-03-23T19:36:10.886Z", "trade_id": 994508, "price": "2.94000000", "size": "250.00000000", "side": "buy"}, {"time": "2021-03-23T19:36:10.686Z", "trade_id": 994507, "price": "2.98474500", "size": "0.33093000", "side": "sell"}, {"time": "2021-03-23T16:28:54.531Z", "trade_id": 994506, "price": "2.94000000", "size": "10.00000000", "side": "buy"}, {"time": "2021-03-23T16:28:53.065Z", "trade_id": 994505, "price": "2.98474500", "size": "0.33453500", "side": "sell"}, {"time": "2021-03-23T12:35:55.374Z", "trade_id": 994504, "price": "2.94999900", "size": "0.66101700", "side": "buy"}, {"time": "2021-03-23T12:35:53.495Z", "trade_id": 994503, "price": "2.98474500", "size": "0.33453500", "side": "sell"}, {"time": "2021-03-23T12:35:48.403Z", "trade_id": 994502, "price": "2.94999900", "size": "0.33898300", "side": "buy"}, {"time": "2021-03-23T05:10:34.78Z", "trade_id": 994501, "price": "1.09388900", "size": "0.91416900", "side": "buy"}, {"time": "2021-03-23T05:10:29.758Z", "trade_id": 994500, "price": "1.11000000", "size": "0.89955100", "side": "sell"}, {"time": "2021-03-23T05:10:24.757Z", "trade_id": 994499, "price": "1.09388900", "size": "0.91416900", "side": "buy"}, {"time": "2021-03-23T05:10:20.95Z", "trade_id": 994498, "price": "1.09388900", "size": "143136.00000000", "side": "buy"}, {"time": "2021-03-23T05:10:20.91Z", "trade_id": 994497, "price": "1.09388900", "size": "21164.29980900", "side": "buy"}, {"time": "2021-03-23T05:10:20.91Z", "trade_id": 994496, "price": "1.09388900", "size": "69143.70019100", "side": "buy"}, {"time": "2021-03-23T05:10:19.763Z", "trade_id": 994495, "price": "1.11000000", "size": "0.89955100", "side": "sell"}, {"time": "2021-03-23T05:10:16.576Z", "trade_id": 994494, "price": "1.09388900", "size": "0.91416900", "side": "buy"}, {"time": "2021-03-23T05:10:09.58Z", "trade_id": 994493, "price": "1.11000000", "size": "0.89955100", "side": "sell"}, {"time": "2021-03-23T05:10:04.575Z", "trade_id": 994492, "price": "1.09388900", "size": "0.91416900", "side": "buy"}, {"time": "2021-03-23T05:09:59.567Z", "trade_id": 994491, "price": "1.11000000", "size": "0.89955100", "side": "sell"}, {"time": "2021-03-23T05:09:54.564Z", "trade_id": 994490, "price": "1.09388900", "size": "0.91416900", "side": "buy"}, {"time": "2021-03-23T05:09:50.536Z", "trade_id": 994489, "price": "1.09388900", "size": "143136.00000000", "side": "buy"}, {"time": "2021-03-23T05:09:50.504Z", "trade_id": 994488, "price": "1.09388900", "size": "42356.47559400", "side": "buy"}, {"time": "2021-03-23T05:09:50.504Z", "trade_id": 994487, "price": "1.09388900", "size": "47951.52440600", "side": "buy"}, {"time": "2021-03-23T05:09:49.974Z", "trade_id": 994486, "price": "1.11000000", "size": "0.89955100", "side": "sell"}, {"time": "2021-03-23T05:09:44.986Z", "trade_id": 994485, "price": "1.09388900", "size": "0.91416900", "side": "buy"}, {"time": "2021-03-23T05:09:39.966Z", "trade_id": 994484, "price": "1.11000000", "size": "0.89955100", "side": "sell"}, {"time": "2021-03-23T05:09:34.956Z", "trade_id": 994483, "price": "1.09388900", "size": "0.91416900", "side": "buy"}, {"time": "2021-03-23T05:09:29.977Z", "trade_id": 994482, "price": "1.11000000", "size": "0.89955100", "side": "sell"}, {"time": "2021-03-23T05:09:24.962Z", "trade_id": 994481, "price": "1.09388900", "size": "0.91416900", "side": "buy"}, {"time": "2021-03-23T05:09:21.332Z", "trade_id": 994480, "price": "1.09388900", "size": "143136.00000000", "side": "buy"}, {"time": "2021-03-23T05:09:21.306Z", "trade_id": 994479, "price": "1.09388900", "size": "90308.00000000", "side": "buy"}, {"time": "2021-03-23T05:09:19.986Z", "trade_id": 994478, "price": "1.09435700", "size": "0.91240900", "side": "sell"}, {"time": "2021-03-23T05:09:19.725Z", "trade_id": 994477, "price": "1.09435700", "size": "250.00000000", "side": "sell"}, {"time": "2021-03-23T05:09:14.771Z", "trade_id": 994476, "price": "1.09435500", "size": "0.91378000", "side": "buy"}, {"time": "2021-03-23T05:09:09.76Z", "trade_id": 994475, "price": "1.09435700", "size": "0.91240900", "side": "sell"}, {"time": "2021-03-23T05:09:04.762Z", "trade_id": 994474, "price": "1.09435500", "size": "0.91378000", "side": "buy"}, {"time": "2021-03-23T05:08:59.775Z", "trade_id": 994473, "price": "1.09435700", "size": "0.91240900", "side": "sell"}, {"time": "2021-03-23T05:08:54.784Z", "trade_id": 994472, "price": "1.09435500", "size": "0.91378000", "side": "buy"}, {"time": "2021-03-23T05:08:49.774Z", "trade_id": 994471, "price": "1.09424900", "size": "0.91250000", "side": "sell"}, {"time": "2021-03-23T05:08:44.162Z", "trade_id": 994470, "price": "1.09424700", "size": "0.91387000", "side": "buy"}, {"time": "2021-03-23T05:08:39.176Z", "trade_id": 994469, "price": "1.09424900", "size": "0.91250000", "side": "sell"}, {"time": "2021-03-23T05:08:34.161Z", "trade_id": 994468, "price": "1.09424700", "size": "0.91387000", "side": "buy"}, {"time": "2021-03-23T05:08:29.178Z", "trade_id": 994467, "price": "1.09424900", "size": "0.91250000", "side": "sell"}, {"time": "2021-03-23T05:08:24.175Z", "trade_id": 994466, "price": "1.09424700", "size": "0.91387000", "side": "buy"}, {"time": "2021-03-23T04:57:49.772Z", "trade_id": 994465, "price": "1.10906800", "size": "0.90030700", "side": "sell"}, {"time": "2021-03-23T04:57:44.567Z", "trade_id": 994464, "price": "1.10906600", "size": "0.90165900", "side": "buy"}, {"time": "2021-03-23T04:57:39.57Z", "trade_id": 994463, "price": "1.10906800", "size": "0.90030700", "side": "sell"}, {"time": "2021-03-23T04:57:34.561Z", "trade_id": 994462, "price": "1.10906600", "size": "0.90165900", "side": "buy"}, {"time": "2021-03-23T04:57:29.575Z", "trade_id": 994461, "price": "1.10906800", "size": "0.90030700", "side": "sell"}, {"time": "2021-03-23T04:57:24.562Z", "trade_id": 994460, "price": "1.10906600", "size": "0.90165900", "side": "buy"}, {"time": "2021-03-23T04:57:19.559Z", "trade_id": 994459, "price": "1.10984000", "size": "0.89968100", "side": "sell"}]