[{"time": "2021-03-25T04:46:52.299Z", "trade_id": 2431788, "price": "0.03017000", "size": "0.01000000", "side": "sell"}, {"time": "2021-03-25T04:46:47.896Z", "trade_id": 2431787, "price": "0.03015000", "size": "0.01000000", "side": "buy"}, {"time": "2021-03-25T04:46:42.886Z", "trade_id": 2431786, "price": "0.03017000", "size": "0.01000000", "side": "sell"}, {"time": "2021-03-25T04:46:37.89Z", "trade_id": 2431785, "price": "0.03015000", "size": "0.01000000", "side": "buy"}, {"time": "2021-03-25T04:46:32.881Z", "trade_id": 2431784, "price": "0.03017000", "size": "0.01000000", "side": "sell"}, {"time": "2021-03-25T04:46:27.887Z", "trade_id": 2431783, "price": "0.03015000", "size": "0.01000000", "side": "buy"}, {"time": "2021-03-25T04:46:22.894Z", "trade_id": 2431782, "price": "0.03016000", "size": "0.01000000", "side": "sell"}, {"time": "2021-03-25T04:46:18.107Z", "trade_id": 2431781, "price": "0.03014000", "size": "0.01000000", "side": "buy"}, {"time": "2021-03-25T04:46:13.078Z", "trade_id": 2431780, "price": "0.03016000", "size": "0.01000000", "side": "sell"}, {"time": "2021-03-25T04:46:08.098Z", "trade_id": 2431779, "price": "0.03014000", "size": "0.01000000", "side": "buy"}, {"time": "2021-03-25T04:46:03.087Z", "trade_id": 2431778, "price": "0.03016000", "size": "0.01000000", "side": "sell"}, {"time": "2021-03-25T04:45:58.095Z", "trade_id": 2431777, "price": "0.03014000", "size": "0.01000000", "side": "buy"}, {"time": "2021-03-25T04:45:53.107Z", "trade_id": 2431776, "price": "0.03016000", "size": "0.01000000", "side": "sell"}, {"time": "2021-03-25T04:45:47.89Z", "trade_id": 2431775, "price": "0.03014000", "size": "0.01000000", "side": "buy"}, {"time": "2021-03-25T04:45:42.902Z", "trade_id": 2431774, "price": "0.03016000", "size": "0.01000000", "side": "sell"}, {"time": "2021-03-25T04:45:37.905Z", "trade_id": 2431773, "price": "0.03014000", "size": "0.01000000", "side": "buy"}, {"time": "2021-03-25T04:45:32.884Z", "trade_id": 2431772, "price": "0.03016000", "size": "0.01000000", "side": "sell"}, {"time": "2021-03-25T04:45:27.89Z", "trade_id": 2431771, "price": "0.03014000", "size": "0.01000000", "side": "buy"}, {"time": "2021-03-25T04:45:22.876Z", "trade_id": 2431770, "price": "0.03017000", "size": "0.01000000", "side": "sell"}, {"time": "2021-03-25T04:45:17.299Z", "trade_id": 2431769, "price": "0.03015000", "size": "0.01000000", "side": "buy"}, {"time": "2021-03-25T04:45:12.298Z", "trade_id": 2431768, "price": "0.03017000", "size": "0.01000000", "side": "sell"}, {"time": "2021-03-25T04:45:07.299Z", "trade_id": 2431767, "price": "0.03015000", "size": "0.01000000", "side": "buy"}, {"time": "2021-03-25T04:45:02.281Z", "trade_id": 2431766, "price": "0.03017000", "size": "0.01000000", "side": "sell"}, {"time": "2021-03-25T04:44:57.303Z", "trade_id": 2431765, "price": "0.03015000", "size": "0.01000000", "side": "buy"}, {"time": "2021-03-25T04:44:52.294Z", "trade_id": 2431764, "price": "0.03016000", "size": "0.01000000", "side": "sell"}, {"time": "2021-03-25T04:44:47.295Z", "trade_id": 2431763, "price": "0.03014000", "size": "0.01000000", "side": "buy"}, {"time": "2021-03-25T04:44:42.283Z", "trade_id": 2431762, "price": "0.03016000", "size": "0.01000000", "side": "sell"}, {"time": "2021-03-25T04:44:37.303Z", "trade_id": 2431761, "price": "0.03014000", "size": "0.01000000", "side": "buy"}, {"time": "2021-03-25T04:44:32.292Z", "trade_id": 2431760, "price": "0.03016000", "size": "0.01000000", "side": "sell"}, {"time": "2021-03-25T04:44:27.286Z", "trade_id": 2431759, "price": "0.03014000", "size": "0.01000000", "side": "buy"}, {"time": "2021-03-25T04:44:22.314Z", "trade_id": 2431758, "price": "0.03016000", "size": "0.01000000", "side": "sell"}, {"time": "2021-03-25T04:44:17.688Z", "trade_id": 2431757, "price": "0.03014000", "size": "0.01000000", "side": "buy"}, {"time": "2021-03-25T04:44:12.69Z", "trade_id": 2431756, "price": "0.03016000", "size": "0.01000000", "side": "sell"}, {"time": "2021-03-25T04:44:07.683Z", "trade_id": 2431755, "price": "0.03014000", "size": "0.01000000", "side": "buy"}, {"time": "2021-03-25T04:44:02.723Z", "trade_id": 2431754, "price": "0.03016000", "size": "0.01000000", "side": "sell"}, {"time": "2021-03-25T04:43:57.683Z", "trade_id": 2431753, "price": "0.03014000", "size": "0.01000000", "side": "buy"}, {"time": "2021-03-25T04:43:52.691Z", "trade_id": 2431752, "price": "0.03017000", "size": "0.01000000", "side": "sell"}, {"time": "2021-03-25T04:43:48.073Z", "trade_id": 2431751, "price": "0.03015000", "size": "0.01000000", "side": "buy"}, {"time": "2021-03-25T04:43:43.087Z", "trade_id": 2431750, "price": "0.03017000", "size": "0.01000000", "side": "sell"}, {"time": "2021-03-25T04:43:38.09Z", "trade_id": 2431749, "price": "0.03015000", "size": "0.01000000", "side": "buy"}, {"time": "2021-03-25T04:43:33.074Z", "trade_id": 2431748, "price": "0.03017000", "size": "0.01000000", "side": "sell"}, {"time": "2021-03-25T04:43:28.115Z", "trade_id": 2431747, "price": "0.03015000", "size": "0.01000000", "side": "buy"}, {"time": "2021-03-25T04:43:23.092Z", "trade_id": 2431746, "price": "0.03016000", "size": "0.01000000", "side": "sell"}, {"time": "2021-03-25T04:43:17.499Z", "trade_id": 2431745, "price": "0.03014000", "size": "0.01000000", "side": "buy"}, {"time": "2021-03-25T04:43:12.484Z", "trade_id": 2431744, "price": "0.03016000", "size": "0.01000000", "side": "sell"}, {"time": "2021-03-25T04:43:07.498Z", "trade_id": 2431743, "price": "0.03014000", "size": "0.01000000", "side": "buy"}, {"time": "2021-03-25T04:43:02.487Z", "trade_id": 2431742, "price": "0.03016000", "size": "0.01000000", "side": "sell"}, {"time": "2021-03-25T04:42:57.481Z", "trade_id": 2431741, "price": "0.03014000", "size": "0.01000000", "side": "buy"}, {"time": "2021-03-25T04:42:52.083Z", "trade_id": 2431740, "price": "0.03016000", "size": "0.01000000", "side": "sell"}, {"time": "2021-03-25T04:42:47.068Z", "trade_id": 2431739, "price": "0.03014000", "size": "0.01000000", "side": "buy"}, {"time": "2021-03-25T04:42:42.099Z", "trade_id": 2431738, "price": "0.03016000", "size": "0.01000000", "side": "sell"}, {"time": "2021-03-25T04:42:37.081Z", "trade_id": 2431737, "price": "0.03014000", "size": "0.01000000", "side": "buy"}, {"time": "2021-03-25T04:42:32.085Z", "trade_id": 2431736, "price": "0.03016000", "size": "0.01000000", "side": "sell"}, {"time": "2021-03-25T04:42:27.081Z", "trade_id": 2431735, "price": "0.03014000", "size": "0.01000000", "side": "buy"}, {"time": "2021-03-25T04:42:17.289Z", "trade_id": 2431734, "price": "0.03015000", "size": "0.01000000", "side": "buy"}, {"time": "2021-03-25T04:42:12.29Z", "trade_id": 2431733, "price": "0.03017000", "size": "0.01000000", "side": "sell"}, {"time": "2021-03-25T04:42:07.299Z", "trade_id": 2431732, "price": "0.03015000", "size": "0.01000000", "side": "buy"}, {"time": "2021-03-25T04:42:02.306Z", "trade_id": 2431731, "price": "0.03017000", "size": "0.01000000", "side": "sell"}, {"time": "2021-03-25T04:41:57.29Z", "trade_id": 2431730, "price": "0.03015000", "size": "0.01000000", "side": "buy"}, {"time": "2021-03-25T04:41:52.289Z", "trade_id": 2431729, "price": "0.03018000", "size": "0.01000000", "side": "sell"}, {"time": "2021-03-25T04:41:47.895Z", "trade_id": 2431728, "price": "0.03016000", "size": "0.01000000", "side": "buy"}, {"time": "2021-03-25T04:41:42.888Z", "trade_id": 2431727, "price": "0.03018000", "size": "0.01000000", "side": "sell"}, {"time": "2021-03-25T04:41:37.885Z", "trade_id": 2431726, "price": "0.03016000", "size": "0.01000000", "side": "buy"}, {"time": "2021-03-25T04:41:32.895Z", "trade_id": 2431725, "price": "0.03018000", "size": "0.01000000", "side": "sell"}, {"time": "2021-03-25T04:41:27.876Z", "trade_id": 2431724, "price": "0.03016000", "size": "0.01000000", "side": "buy"}, {"time": "2021-03-25T04:41:22.879Z", "trade_id": 2431723, "price": "0.03018000", "size": "0.01000000", "side": "sell"}, {"time": "2021-03-25T04:41:17.49Z", "trade_id": 2431722, "price": "0.03016000", "size": "0.01000000", "side": "buy"}, {"time": "2021-03-25T04:41:12.487Z", "trade_id": 2431721, "price": "0.03018000", "size": "0.01000000", "side": "sell"}, {"time": "2021-03-25T04:41:07.491Z", "trade_id": 2431720, "price": "0.03016000", "size": "0.01000000", "side": "buy"}, {"time": "2021-03-25T04:41:02.495Z", "trade_id": 2431719, "price": "0.03018000", "size": "0.01000000", "side": "sell"}, {"time": "2021-03-25T04:40:57.487Z", "trade_id": 2431718, "price": "0.03016000", "size": "0.01000000", "side": "buy"}, {"time": "2021-03-25T04:40:52.502Z", "trade_id": 2431717, "price": "0.03017000", "size": "0.01000000", "side": "sell"}, {"time": "2021-03-25T04:40:47.082Z", "trade_id": 2431716, "price": "0.03015000", "size": "0.01000000", "side": "buy"}, {"time": "2021-03-25T04:40:42.099Z", "trade_id": 2431715, "price": "0.03017000", "size": "0.01000000", "side": "sell"}, {"time": "2021-03-25T04:40:37.095Z", "trade_id": 2431714, "price": "0.03015000", "size": "0.01000000", "side": "buy"}, {"time": "2021-03-25T04:40:32.099Z", "trade_id": 2431713, "price": "0.03017000", "size": "0.01000000", "side": "sell"}, {"time": "2021-03-25T04:40:27.099Z", "trade_id": 2431712, "price": "0.03015000", "size": "0.01000000", "side": "buy"}, {"time": "2021-03-25T04:40:18.099Z", "trade_id": 2431711, "price": "0.03016000", "size": "0.01000000", "side": "buy"}, {"time": "2021-03-25T04:40:13.088Z", "trade_id": 2431710, "price": "0.03018000", "size": "0.01000000", "side": "sell"}, {"time": "2021-03-25T04:40:08.091Z", "trade_id": 2431709, "price": "0.03016000", "size": "0.01000000", "side": "buy"}, {"time": "2021-03-25T04:40:03.099Z", "trade_id": 2431708, "price": "0.03018000", "size": "0.01000000", "side": "sell"}, {"time": "2021-03-25T04:39:58.099Z", "trade_id": 2431707, "price": "0.03016000", "size": "0.01000000", "side": "buy"}, {"time": "2021-03-25T04:39:53.096Z", "trade_id": 2431706, "price": "0.03018000", "size": "0.01000000", "side": "sell"}, {"time": "2021-03-25T04:39:47.494Z", "trade_id": 2431705, "price": "0.03016000", "size": "0.01000000", "side": "buy"}, {"time": "2021-03-25T04:39:42.473Z", "trade_id": 2431704, "price": "0.03018000", "size": "0.01000000", "side": "sell"}, {"time": "2021-03-25T04:39:37.495Z", "trade_id": 2431703, "price": "0.03016000", "size": "0.01000000", "side": "buy"}, {"time": "2021-03-25T04:39:32.476Z", "trade_id": 2431702, "price": "0.03018000", "size": "0.01000000", "side": "sell"}, {"time": "2021-03-25T04:39:27.503Z", "trade_id": 2431701, "price": "0.03016000", "size": "0.01000000", "side": "buy"}, {"time": "2021-03-25T04:39:23.073Z", "trade_id": 2431700, "price": "0.03018000", "size": "0.01000000", "side": "sell"}, {"time": "2021-03-25T04:39:18.083Z", "trade_id": 2431699, "price": "0.03016000", "size": "0.01000000", "side": "buy"}, {"time": "2021-03-25T04:39:13.091Z", "trade_id": 2431698, "price": "0.03018000", "size": "0.01000000", "side": "sell"}, {"time": "2021-03-25T04:39:08.07Z", "trade_id": 2431697, "price": "0.03016000", "size": "0.01000000", "side": "buy"}, {"time": "2021-03-25T04:39:03.278Z", "trade_id": 2431696, "price": "0.03018000", "size": "0.01000000", "side": "sell"}, {"time": "2021-03-25T04:38:58.082Z", "trade_id": 2431695, "price": "0.03016000", "size": "0.01000000", "side": "buy"}, {"time": "2021-03-25T04:38:53.094Z", "trade_id": 2431694, "price": "0.03018000", "size": "0.01000000", "side": "sell"}, {"time": "2021-03-25T04:38:47.472Z", "trade_id": 2431693, "price": "0.03016000", "size": "0.01000000", "side": "buy"}, {"time": "2021-03-25T04:38:42.502Z", "trade_id": 2431692, "price": "0.03018000", "size": "0.01000000", "side": "sell"}, {"time": "2021-03-25T04:38:37.476Z", "trade_id": 2431691, "price": "0.03016000", "size": "0.01000000", "side": "buy"}, {"time": "2021-03-25T04:38:32.495Z", "trade_id": 2431690, "price": "0.03018000", "size": "0.01000000", "side": "sell"}, {"time": "2021-03-25T04:38:27.475Z", "trade_id": 2431689, "price": "0.03016000", "size": "0.01000000", "side": "buy"}]