[{"time": "2021-03-24T14:26:45.67Z", "trade_id": 6026655, "price": "47986.17000000", "size": "0.00020808", "side": "sell"}, {"time": "2021-03-24T14:26:35.887Z", "trade_id": 6026654, "price": "47986.17000000", "size": "0.00020808", "side": "sell"}, {"time": "2021-03-24T14:26:25.898Z", "trade_id": 6026653, "price": "47986.17000000", "size": "0.00020808", "side": "sell"}, {"time": "2021-03-24T14:26:21.163Z", "trade_id": 6026652, "price": "47986.14000000", "size": "0.02387881", "side": "buy"}, {"time": "2021-03-24T14:26:20.971Z", "trade_id": 6026651, "price": "47986.14000000", "size": "0.00020839", "side": "buy"}, {"time": "2021-03-24T14:19:47.722Z", "trade_id": 6026650, "price": "47989.28000000", "size": "0.02387881", "side": "sell"}, {"time": "2021-03-24T14:19:46.081Z", "trade_id": 6026649, "price": "47989.28000000", "size": "0.00020806", "side": "sell"}, {"time": "2021-03-24T14:19:40.315Z", "trade_id": 6026648, "price": "47989.26000000", "size": "0.00020837", "side": "buy"}, {"time": "2021-03-24T14:19:35.262Z", "trade_id": 6026647, "price": "47989.28000000", "size": "0.00020806", "side": "sell"}, {"time": "2021-03-24T14:19:30.28Z", "trade_id": 6026646, "price": "47989.26000000", "size": "0.00020837", "side": "buy"}, {"time": "2021-03-24T14:19:25.259Z", "trade_id": 6026645, "price": "47989.28000000", "size": "0.00020806", "side": "sell"}, {"time": "2021-03-24T14:19:20.283Z", "trade_id": 6026644, "price": "47989.26000000", "size": "0.00020837", "side": "buy"}, {"time": "2021-03-24T14:19:15.271Z", "trade_id": 6026643, "price": "48004.88000000", "size": "0.00020800", "side": "sell"}, {"time": "2021-03-24T14:19:10.734Z", "trade_id": 6026642, "price": "48004.86000000", "size": "0.00020831", "side": "buy"}, {"time": "2021-03-24T14:19:05.666Z", "trade_id": 6026641, "price": "48004.88000000", "size": "0.00020800", "side": "sell"}, {"time": "2021-03-24T14:18:55.663Z", "trade_id": 6026640, "price": "48004.88000000", "size": "0.00020800", "side": "sell"}, {"time": "2021-03-24T14:18:45.691Z", "trade_id": 6026639, "price": "48038.99000000", "size": "0.00020785", "side": "sell"}, {"time": "2021-03-24T14:18:40.074Z", "trade_id": 6026638, "price": "48038.97000000", "size": "0.00020816", "side": "buy"}, {"time": "2021-03-24T14:18:35.068Z", "trade_id": 6026637, "price": "48038.99000000", "size": "0.00020785", "side": "sell"}, {"time": "2021-03-24T14:18:30.082Z", "trade_id": 6026636, "price": "48038.97000000", "size": "0.00020816", "side": "buy"}, {"time": "2021-03-24T14:18:25.078Z", "trade_id": 6026635, "price": "48038.99000000", "size": "0.00020785", "side": "sell"}, {"time": "2021-03-24T14:18:20.082Z", "trade_id": 6026634, "price": "48038.97000000", "size": "0.00020816", "side": "buy"}, {"time": "2021-03-24T14:18:15.117Z", "trade_id": 6026633, "price": "48067.60000000", "size": "0.00020772", "side": "sell"}, {"time": "2021-03-24T14:18:10.27Z", "trade_id": 6026632, "price": "48067.58000000", "size": "0.00020804", "side": "buy"}, {"time": "2021-03-24T14:18:05.259Z", "trade_id": 6026631, "price": "48067.60000000", "size": "0.00020772", "side": "sell"}, {"time": "2021-03-24T14:18:00.283Z", "trade_id": 6026630, "price": "48067.58000000", "size": "0.00020804", "side": "buy"}, {"time": "2021-03-24T14:17:55.27Z", "trade_id": 6026629, "price": "48067.60000000", "size": "0.00020772", "side": "sell"}, {"time": "2021-03-24T14:17:50.267Z", "trade_id": 6026628, "price": "48067.58000000", "size": "0.00020804", "side": "buy"}, {"time": "2021-03-24T14:17:45.262Z", "trade_id": 6026627, "price": "48074.54000000", "size": "0.00020769", "side": "sell"}, {"time": "2021-03-24T14:17:41.118Z", "trade_id": 6026626, "price": "48074.52000000", "size": "0.02386910", "side": "buy"}, {"time": "2021-03-24T14:17:40.869Z", "trade_id": 6026625, "price": "48074.52000000", "size": "0.00020801", "side": "buy"}, {"time": "2021-03-24T14:17:35.863Z", "trade_id": 6026624, "price": "48074.54000000", "size": "0.00020769", "side": "sell"}, {"time": "2021-03-24T14:17:30.864Z", "trade_id": 6026623, "price": "48074.52000000", "size": "0.00020801", "side": "buy"}, {"time": "2021-03-24T14:17:25.854Z", "trade_id": 6026622, "price": "48074.54000000", "size": "0.00020769", "side": "sell"}, {"time": "2021-03-24T14:17:20.866Z", "trade_id": 6026621, "price": "48074.52000000", "size": "0.00020801", "side": "buy"}, {"time": "2021-03-24T14:17:15.882Z", "trade_id": 6026620, "price": "48136.76000000", "size": "0.00020743", "side": "sell"}, {"time": "2021-03-24T14:17:10.099Z", "trade_id": 6026619, "price": "48136.74000000", "size": "0.00020774", "side": "buy"}, {"time": "2021-03-24T14:17:05.07Z", "trade_id": 6026618, "price": "48136.76000000", "size": "0.00020743", "side": "sell"}, {"time": "2021-03-24T14:17:00.087Z", "trade_id": 6026617, "price": "48136.74000000", "size": "0.00020774", "side": "buy"}, {"time": "2021-03-24T14:16:55.066Z", "trade_id": 6026616, "price": "48136.76000000", "size": "0.00020743", "side": "sell"}, {"time": "2021-03-24T14:16:50.088Z", "trade_id": 6026615, "price": "48136.74000000", "size": "0.00020774", "side": "buy"}, {"time": "2021-03-24T14:16:45.092Z", "trade_id": 6026614, "price": "48155.51000000", "size": "0.00020734", "side": "sell"}, {"time": "2021-03-24T14:16:40.458Z", "trade_id": 6026613, "price": "48155.49000000", "size": "0.00020766", "side": "buy"}, {"time": "2021-03-24T14:16:35.471Z", "trade_id": 6026612, "price": "48155.51000000", "size": "0.00020734", "side": "sell"}, {"time": "2021-03-24T14:16:30.491Z", "trade_id": 6026611, "price": "48155.49000000", "size": "0.00020766", "side": "buy"}, {"time": "2021-03-24T14:16:25.455Z", "trade_id": 6026610, "price": "48155.51000000", "size": "0.00020734", "side": "sell"}, {"time": "2021-03-24T14:16:20.459Z", "trade_id": 6026609, "price": "48155.49000000", "size": "0.00020766", "side": "buy"}, {"time": "2021-03-24T14:16:15.49Z", "trade_id": 6026608, "price": "48120.38000000", "size": "0.00020750", "side": "sell"}, {"time": "2021-03-24T14:16:10.658Z", "trade_id": 6026607, "price": "48120.36000000", "size": "0.00020781", "side": "buy"}, {"time": "2021-03-24T14:16:05.683Z", "trade_id": 6026606, "price": "48120.38000000", "size": "0.00020750", "side": "sell"}, {"time": "2021-03-24T14:16:00.67Z", "trade_id": 6026605, "price": "48120.36000000", "size": "0.00020781", "side": "buy"}, {"time": "2021-03-24T14:15:55.67Z", "trade_id": 6026604, "price": "48120.38000000", "size": "0.00020750", "side": "sell"}, {"time": "2021-03-24T14:15:50.711Z", "trade_id": 6026603, "price": "48120.36000000", "size": "0.00020781", "side": "buy"}, {"time": "2021-03-24T14:15:45.286Z", "trade_id": 6026602, "price": "48109.74000000", "size": "0.00020754", "side": "sell"}, {"time": "2021-03-24T14:15:40.263Z", "trade_id": 6026601, "price": "48109.72000000", "size": "0.00020785", "side": "buy"}, {"time": "2021-03-24T14:15:35.255Z", "trade_id": 6026600, "price": "48109.74000000", "size": "0.00020754", "side": "sell"}, {"time": "2021-03-24T14:15:30.266Z", "trade_id": 6026599, "price": "48109.72000000", "size": "0.00020785", "side": "buy"}, {"time": "2021-03-24T14:15:25.262Z", "trade_id": 6026598, "price": "48109.74000000", "size": "0.00020754", "side": "sell"}, {"time": "2021-03-24T14:15:20.254Z", "trade_id": 6026597, "price": "48109.72000000", "size": "0.00020785", "side": "buy"}, {"time": "2021-03-24T14:15:15.279Z", "trade_id": 6026596, "price": "48101.15000000", "size": "0.00020758", "side": "sell"}, {"time": "2021-03-24T14:15:10.462Z", "trade_id": 6026595, "price": "48101.13000000", "size": "0.00020789", "side": "buy"}, {"time": "2021-03-24T14:15:05.47Z", "trade_id": 6026594, "price": "48101.15000000", "size": "0.00020758", "side": "sell"}, {"time": "2021-03-24T14:15:00.505Z", "trade_id": 6026593, "price": "48101.13000000", "size": "0.00020789", "side": "buy"}, {"time": "2021-03-24T14:14:55.466Z", "trade_id": 6026592, "price": "48101.15000000", "size": "0.00020758", "side": "sell"}, {"time": "2021-03-24T14:14:50.483Z", "trade_id": 6026591, "price": "48101.13000000", "size": "0.00020789", "side": "buy"}, {"time": "2021-03-24T14:14:45.491Z", "trade_id": 6026590, "price": "48122.21000000", "size": "0.00020749", "side": "sell"}, {"time": "2021-03-24T14:14:40.466Z", "trade_id": 6026589, "price": "48122.19000000", "size": "0.00020780", "side": "buy"}, {"time": "2021-03-24T14:14:35.47Z", "trade_id": 6026588, "price": "48122.21000000", "size": "0.00020749", "side": "sell"}, {"time": "2021-03-24T14:14:30.462Z", "trade_id": 6026587, "price": "48122.19000000", "size": "0.00020780", "side": "buy"}, {"time": "2021-03-24T14:14:25.45Z", "trade_id": 6026586, "price": "48122.21000000", "size": "0.00020749", "side": "sell"}, {"time": "2021-03-24T14:14:20.454Z", "trade_id": 6026585, "price": "48122.19000000", "size": "0.00020780", "side": "buy"}, {"time": "2021-03-24T14:14:15.491Z", "trade_id": 6026584, "price": "48125.62000000", "size": "0.00020747", "side": "sell"}, {"time": "2021-03-24T14:14:10.671Z", "trade_id": 6026583, "price": "48125.60000000", "size": "0.00020778", "side": "buy"}, {"time": "2021-03-24T14:14:05.691Z", "trade_id": 6026582, "price": "48125.62000000", "size": "0.00020747", "side": "sell"}, {"time": "2021-03-24T14:14:00.698Z", "trade_id": 6026581, "price": "48125.60000000", "size": "0.00020778", "side": "buy"}, {"time": "2021-03-24T14:13:55.671Z", "trade_id": 6026580, "price": "48125.62000000", "size": "0.00020747", "side": "sell"}, {"time": "2021-03-24T14:13:50.682Z", "trade_id": 6026579, "price": "48125.60000000", "size": "0.00020778", "side": "buy"}, {"time": "2021-03-24T14:13:45.658Z", "trade_id": 6026578, "price": "48150.01000000", "size": "0.00020737", "side": "sell"}, {"time": "2021-03-24T14:13:40.074Z", "trade_id": 6026577, "price": "48149.99000000", "size": "0.00020768", "side": "buy"}, {"time": "2021-03-24T14:13:35.066Z", "trade_id": 6026576, "price": "48150.01000000", "size": "0.00020737", "side": "sell"}, {"time": "2021-03-24T14:13:30.083Z", "trade_id": 6026575, "price": "48149.99000000", "size": "0.00020768", "side": "buy"}, {"time": "2021-03-24T14:13:25.235Z", "trade_id": 6026574, "price": "48150.01000000", "size": "0.00020737", "side": "sell"}, {"time": "2021-03-24T14:13:20.078Z", "trade_id": 6026573, "price": "48149.99000000", "size": "0.00020768", "side": "buy"}, {"time": "2021-03-24T14:13:15.086Z", "trade_id": 6026572, "price": "48121.02000000", "size": "0.00020749", "side": "sell"}, {"time": "2021-03-24T14:13:10.058Z", "trade_id": 6026571, "price": "48121.00000000", "size": "0.00020780", "side": "buy"}, {"time": "2021-03-24T14:13:05.082Z", "trade_id": 6026570, "price": "48121.02000000", "size": "0.00020749", "side": "sell"}, {"time": "2021-03-24T14:13:00.069Z", "trade_id": 6026569, "price": "48121.00000000", "size": "0.00020780", "side": "buy"}, {"time": "2021-03-24T14:12:55.082Z", "trade_id": 6026568, "price": "48121.02000000", "size": "0.00020749", "side": "sell"}, {"time": "2021-03-24T14:12:50.074Z", "trade_id": 6026567, "price": "48121.00000000", "size": "0.00020780", "side": "buy"}, {"time": "2021-03-24T14:12:45.062Z", "trade_id": 6026566, "price": "48113.07000000", "size": "0.00020753", "side": "sell"}, {"time": "2021-03-24T14:12:41.055Z", "trade_id": 6026565, "price": "48113.05000000", "size": "0.00020784", "side": "buy"}, {"time": "2021-03-24T14:12:36.059Z", "trade_id": 6026564, "price": "48113.07000000", "size": "0.00020753", "side": "sell"}, {"time": "2021-03-24T14:12:31.07Z", "trade_id": 6026563, "price": "48113.05000000", "size": "0.00020784", "side": "buy"}, {"time": "2021-03-24T14:12:26.063Z", "trade_id": 6026562, "price": "48113.07000000", "size": "0.00020753", "side": "sell"}, {"time": "2021-03-24T14:12:21.143Z", "trade_id": 6026561, "price": "48113.05000000", "size": "0.00020784", "side": "buy"}, {"time": "2021-03-24T14:12:16.05Z", "trade_id": 6026560, "price": "48078.26000000", "size": "0.00020768", "side": "sell"}, {"time": "2021-03-24T14:12:10.258Z", "trade_id": 6026559, "price": "48078.24000000", "size": "0.00020799", "side": "buy"}, {"time": "2021-03-24T14:12:05.27Z", "trade_id": 6026558, "price": "48078.26000000", "size": "0.00020768", "side": "sell"}, {"time": "2021-03-24T14:12:00.311Z", "trade_id": 6026557, "price": "48078.24000000", "size": "0.00020799", "side": "buy"}, {"time": "2021-03-24T14:11:55.283Z", "trade_id": 6026556, "price": "48078.26000000", "size": "0.00020768", "side": "sell"}]