[{"time": "2021-03-24T20:40:17.427Z", "trade_id": 6424283, "price": "48500.02000000", "size": "9.99979382", "side": "buy"}, {"time": "2021-03-24T20:40:17.427Z", "trade_id": 6424282, "price": "50500.02000000", "size": "0.99980199", "side": "buy"}, {"time": "2021-03-24T20:40:17.052Z", "trade_id": 6424281, "price": "54737.99000000", "size": "0.00018241", "side": "sell"}, {"time": "2021-03-24T20:40:13.955Z", "trade_id": 6424280, "price": "50500.02000000", "size": "0.00019801", "side": "buy"}, {"time": "2021-03-24T20:40:07.282Z", "trade_id": 6424279, "price": "54737.99000000", "size": "0.00018241", "side": "sell"}, {"time": "2021-03-24T20:40:02.289Z", "trade_id": 6424278, "price": "48500.02000000", "size": "0.00020618", "side": "buy"}, {"time": "2021-03-24T20:39:47.848Z", "trade_id": 6424277, "price": "48500.02000000", "size": "4.99938146", "side": "buy"}, {"time": "2021-03-24T20:39:47.263Z", "trade_id": 6424276, "price": "54737.99000000", "size": "0.00018241", "side": "sell"}, {"time": "2021-03-24T20:39:42.31Z", "trade_id": 6424275, "price": "48500.02000000", "size": "0.00020618", "side": "buy"}, {"time": "2021-03-24T20:39:37.263Z", "trade_id": 6424274, "price": "54737.99000000", "size": "0.00018241", "side": "sell"}, {"time": "2021-03-24T20:39:32.279Z", "trade_id": 6424273, "price": "48500.02000000", "size": "0.00020618", "side": "buy"}, {"time": "2021-03-24T20:39:27.254Z", "trade_id": 6424272, "price": "54737.99000000", "size": "0.00018241", "side": "sell"}, {"time": "2021-03-24T20:39:22.272Z", "trade_id": 6424271, "price": "48500.02000000", "size": "0.00020618", "side": "buy"}, {"time": "2021-03-24T20:39:18.279Z", "trade_id": 6424270, "price": "45500.02000000", "size": "9.99978022", "side": "buy"}, {"time": "2021-03-24T20:39:17.271Z", "trade_id": 6424269, "price": "54737.99000000", "size": "0.00018241", "side": "sell"}, {"time": "2021-03-24T20:39:12.498Z", "trade_id": 6424268, "price": "45500.02000000", "size": "0.00021978", "side": "buy"}, {"time": "2021-03-24T20:26:47.942Z", "trade_id": 6424267, "price": "39537.27000000", "size": "0.00025254", "side": "sell"}, {"time": "2021-03-24T20:26:42.066Z", "trade_id": 6424266, "price": "39537.25000000", "size": "0.00025292", "side": "buy"}, {"time": "2021-03-24T20:26:37.069Z", "trade_id": 6424265, "price": "39537.27000000", "size": "0.00025254", "side": "sell"}, {"time": "2021-03-24T20:26:32.116Z", "trade_id": 6424264, "price": "39537.25000000", "size": "0.00025292", "side": "buy"}, {"time": "2021-03-24T20:26:27.075Z", "trade_id": 6424263, "price": "39537.27000000", "size": "0.00025254", "side": "sell"}, {"time": "2021-03-24T20:26:22.09Z", "trade_id": 6424262, "price": "39537.25000000", "size": "0.00025292", "side": "buy"}, {"time": "2021-03-24T20:26:17.066Z", "trade_id": 6424261, "price": "39605.35000000", "size": "0.00025211", "side": "sell"}, {"time": "2021-03-24T20:26:11.878Z", "trade_id": 6424260, "price": "39605.33000000", "size": "0.00025249", "side": "buy"}, {"time": "2021-03-24T20:26:06.875Z", "trade_id": 6424259, "price": "39605.35000000", "size": "0.00025211", "side": "sell"}, {"time": "2021-03-24T20:26:01.905Z", "trade_id": 6424258, "price": "39605.33000000", "size": "0.00025249", "side": "buy"}, {"time": "2021-03-24T20:25:56.894Z", "trade_id": 6424257, "price": "39605.35000000", "size": "0.00025211", "side": "sell"}, {"time": "2021-03-24T20:25:51.914Z", "trade_id": 6424256, "price": "39605.33000000", "size": "0.00025249", "side": "buy"}, {"time": "2021-03-24T20:25:42.115Z", "trade_id": 6424255, "price": "39735.70000000", "size": "0.00025166", "side": "buy"}, {"time": "2021-03-24T20:25:37.094Z", "trade_id": 6424254, "price": "39735.72000000", "size": "0.00025128", "side": "sell"}, {"time": "2021-03-24T20:25:32.095Z", "trade_id": 6424253, "price": "39735.70000000", "size": "0.00025166", "side": "buy"}, {"time": "2021-03-24T20:25:27.078Z", "trade_id": 6424252, "price": "39735.72000000", "size": "0.00025128", "side": "sell"}, {"time": "2021-03-24T20:25:22.07Z", "trade_id": 6424251, "price": "39735.70000000", "size": "0.00025166", "side": "buy"}, {"time": "2021-03-24T20:25:17.118Z", "trade_id": 6424250, "price": "39721.22000000", "size": "0.00025137", "side": "sell"}, {"time": "2021-03-24T20:25:11.876Z", "trade_id": 6424249, "price": "39721.20000000", "size": "0.00025175", "side": "buy"}, {"time": "2021-03-24T20:25:06.891Z", "trade_id": 6424248, "price": "39721.22000000", "size": "0.00025137", "side": "sell"}, {"time": "2021-03-24T20:25:01.959Z", "trade_id": 6424247, "price": "39721.20000000", "size": "0.00025175", "side": "buy"}, {"time": "2021-03-24T20:24:56.889Z", "trade_id": 6424246, "price": "39721.22000000", "size": "0.00025137", "side": "sell"}, {"time": "2021-03-24T20:24:51.898Z", "trade_id": 6424245, "price": "39721.20000000", "size": "0.00025175", "side": "buy"}, {"time": "2021-03-24T20:24:42.302Z", "trade_id": 6424244, "price": "39745.58000000", "size": "0.00025160", "side": "buy"}, {"time": "2021-03-24T20:24:37.29Z", "trade_id": 6424243, "price": "39745.60000000", "size": "0.00025122", "side": "sell"}, {"time": "2021-03-24T20:24:32.267Z", "trade_id": 6424242, "price": "39745.58000000", "size": "0.00025160", "side": "buy"}, {"time": "2021-03-24T20:24:27.286Z", "trade_id": 6424241, "price": "39745.60000000", "size": "0.00025122", "side": "sell"}, {"time": "2021-03-24T20:24:22.283Z", "trade_id": 6424240, "price": "39745.58000000", "size": "0.00025160", "side": "buy"}, {"time": "2021-03-24T20:24:17.287Z", "trade_id": 6424239, "price": "39725.63000000", "size": "0.00025134", "side": "sell"}, {"time": "2021-03-24T20:24:12.886Z", "trade_id": 6424238, "price": "39725.61000000", "size": "0.00025172", "side": "buy"}, {"time": "2021-03-24T20:24:07.879Z", "trade_id": 6424237, "price": "39725.63000000", "size": "0.00025134", "side": "sell"}, {"time": "2021-03-24T20:24:02.879Z", "trade_id": 6424236, "price": "39725.61000000", "size": "0.00025172", "side": "buy"}, {"time": "2021-03-24T20:23:57.875Z", "trade_id": 6424235, "price": "39725.63000000", "size": "0.00025134", "side": "sell"}, {"time": "2021-03-24T20:23:52.89Z", "trade_id": 6424234, "price": "39725.61000000", "size": "0.00025172", "side": "buy"}, {"time": "2021-03-24T20:23:47.878Z", "trade_id": 6424233, "price": "39772.68000000", "size": "0.00025105", "side": "sell"}, {"time": "2021-03-24T20:23:41.895Z", "trade_id": 6424232, "price": "39772.66000000", "size": "0.00025142", "side": "buy"}, {"time": "2021-03-24T20:23:36.871Z", "trade_id": 6424231, "price": "39772.68000000", "size": "0.00025105", "side": "sell"}, {"time": "2021-03-24T20:23:31.91Z", "trade_id": 6424230, "price": "39772.66000000", "size": "0.00025142", "side": "buy"}, {"time": "2021-03-24T20:23:26.86Z", "trade_id": 6424229, "price": "39772.68000000", "size": "0.00025105", "side": "sell"}, {"time": "2021-03-24T20:23:21.907Z", "trade_id": 6424228, "price": "39772.66000000", "size": "0.00025142", "side": "buy"}, {"time": "2021-03-24T20:23:11.89Z", "trade_id": 6424227, "price": "39758.19000000", "size": "0.00025152", "side": "buy"}, {"time": "2021-03-24T20:23:06.894Z", "trade_id": 6424226, "price": "39758.21000000", "size": "0.00025114", "side": "sell"}, {"time": "2021-03-24T20:23:01.882Z", "trade_id": 6424225, "price": "39758.19000000", "size": "0.00025152", "side": "buy"}, {"time": "2021-03-24T20:22:56.886Z", "trade_id": 6424224, "price": "39758.21000000", "size": "0.00025114", "side": "sell"}, {"time": "2021-03-24T20:22:51.906Z", "trade_id": 6424223, "price": "39758.19000000", "size": "0.00025152", "side": "buy"}, {"time": "2021-03-24T20:22:42.294Z", "trade_id": 6424222, "price": "39701.88000000", "size": "0.00025187", "side": "buy"}, {"time": "2021-03-24T20:22:37.282Z", "trade_id": 6424221, "price": "39701.90000000", "size": "0.00025149", "side": "sell"}, {"time": "2021-03-24T20:22:32.279Z", "trade_id": 6424220, "price": "39701.88000000", "size": "0.00025187", "side": "buy"}, {"time": "2021-03-24T20:22:27.267Z", "trade_id": 6424219, "price": "39701.90000000", "size": "0.00025149", "side": "sell"}, {"time": "2021-03-24T20:22:22.258Z", "trade_id": 6424218, "price": "39701.88000000", "size": "0.00025187", "side": "buy"}, {"time": "2021-03-24T20:22:17.302Z", "trade_id": 6424217, "price": "39726.09000000", "size": "0.00025134", "side": "sell"}, {"time": "2021-03-24T20:22:11.882Z", "trade_id": 6424216, "price": "39726.07000000", "size": "0.00025172", "side": "buy"}, {"time": "2021-03-24T20:22:06.911Z", "trade_id": 6424215, "price": "39726.09000000", "size": "0.00025134", "side": "sell"}, {"time": "2021-03-24T20:22:01.926Z", "trade_id": 6424214, "price": "39726.07000000", "size": "0.00025172", "side": "buy"}, {"time": "2021-03-24T20:21:56.91Z", "trade_id": 6424213, "price": "39726.09000000", "size": "0.00025134", "side": "sell"}, {"time": "2021-03-24T20:21:51.883Z", "trade_id": 6424212, "price": "39726.07000000", "size": "0.00025172", "side": "buy"}, {"time": "2021-03-24T20:21:42.703Z", "trade_id": 6424211, "price": "39699.53000000", "size": "0.00025189", "side": "buy"}, {"time": "2021-03-24T20:21:37.674Z", "trade_id": 6424210, "price": "39699.55000000", "size": "0.00025151", "side": "sell"}, {"time": "2021-03-24T20:21:32.698Z", "trade_id": 6424209, "price": "39699.53000000", "size": "0.00025189", "side": "buy"}, {"time": "2021-03-24T20:21:27.683Z", "trade_id": 6424208, "price": "39699.55000000", "size": "0.00025151", "side": "sell"}, {"time": "2021-03-24T20:21:22.687Z", "trade_id": 6424207, "price": "39699.53000000", "size": "0.00025189", "side": "buy"}, {"time": "2021-03-24T20:21:17.672Z", "trade_id": 6424206, "price": "39728.12000000", "size": "0.00025133", "side": "sell"}, {"time": "2021-03-24T20:21:12.3Z", "trade_id": 6424205, "price": "39728.10000000", "size": "0.00025171", "side": "buy"}, {"time": "2021-03-24T20:21:07.298Z", "trade_id": 6424204, "price": "39728.12000000", "size": "0.00025133", "side": "sell"}, {"time": "2021-03-24T20:21:02.291Z", "trade_id": 6424203, "price": "39728.10000000", "size": "0.00025171", "side": "buy"}, {"time": "2021-03-24T20:20:57.286Z", "trade_id": 6424202, "price": "39728.12000000", "size": "0.00025133", "side": "sell"}, {"time": "2021-03-24T20:20:52.278Z", "trade_id": 6424201, "price": "39728.10000000", "size": "0.00025171", "side": "buy"}, {"time": "2021-03-24T20:20:47.29Z", "trade_id": 6424200, "price": "39741.99000000", "size": "0.00025124", "side": "sell"}, {"time": "2021-03-24T20:20:42.098Z", "trade_id": 6424199, "price": "39741.97000000", "size": "0.00025162", "side": "buy"}, {"time": "2021-03-24T20:20:37.078Z", "trade_id": 6424198, "price": "39741.99000000", "size": "0.00025124", "side": "sell"}, {"time": "2021-03-24T20:20:32.107Z", "trade_id": 6424197, "price": "39741.97000000", "size": "0.00025162", "side": "buy"}, {"time": "2021-03-24T20:20:27.074Z", "trade_id": 6424196, "price": "39741.99000000", "size": "0.00025124", "side": "sell"}, {"time": "2021-03-24T20:20:22.067Z", "trade_id": 6424195, "price": "39741.97000000", "size": "0.00025162", "side": "buy"}, {"time": "2021-03-24T20:20:17.11Z", "trade_id": 6424194, "price": "39770.74000000", "size": "0.00025106", "side": "sell"}, {"time": "2021-03-24T20:20:12.523Z", "trade_id": 6424193, "price": "39770.72000000", "size": "0.00025144", "side": "buy"}, {"time": "2021-03-24T20:20:09.519Z", "trade_id": 6424192, "price": "39770.74000000", "size": "0.00025106", "side": "sell"}, {"time": "2021-03-24T20:20:02.516Z", "trade_id": 6424191, "price": "39770.72000000", "size": "0.00025144", "side": "buy"}, {"time": "2021-03-24T20:19:57.478Z", "trade_id": 6424190, "price": "39770.74000000", "size": "0.00025106", "side": "sell"}, {"time": "2021-03-24T20:19:52.503Z", "trade_id": 6424189, "price": "39770.72000000", "size": "0.00025144", "side": "buy"}, {"time": "2021-03-24T20:19:47.467Z", "trade_id": 6424188, "price": "39666.01000000", "size": "0.00025172", "side": "sell"}, {"time": "2021-03-24T20:19:42.895Z", "trade_id": 6424187, "price": "39665.99000000", "size": "0.00025210", "side": "buy"}, {"time": "2021-03-24T20:19:37.886Z", "trade_id": 6424186, "price": "39666.01000000", "size": "0.00025172", "side": "sell"}, {"time": "2021-03-24T20:19:32.886Z", "trade_id": 6424185, "price": "39665.99000000", "size": "0.00025210", "side": "buy"}, {"time": "2021-03-24T20:19:27.878Z", "trade_id": 6424184, "price": "39666.01000000", "size": "0.00025172", "side": "sell"}]